@book{EGERTON_2016, edition={2nd}, title={Physical Principles of Electron Microscopy: An Introduction to TEM, SEM, and AEM}, publisher={SPRINGER}, author={EGERTON, R. F.}, year={2016}} 

@book{Weißbach_Dahms_Jaroschek_2015, 
place={Wiesbaden}, edition={19th}, 
title={Werkstoffkunde strukturen, 
Eigenschaften, prüfung}, publisher={Springer Vieweg}, 
author={Weißbach, Wolfgang and Dahms, Michael and Jaroschek, Christoph}, 
year={2015}} 

@misc{LectureEM-Haider,
  author        = {Prof.Dr. Ferdinand Haider},
  title         = {Lecture notes in Electron Microscopy - Summer Term 2023},
  publisher     = {Institut für Physik - Lehrstuhl für Experimentalphysik I}
}

@Inbook{Zwinkels2014,
author="Zwinkels, Joanne",
editor="Luo, Ronnier",
title="Light, Electromagnetic Spectrum",
bookTitle="Encyclopedia of Color Science and Technology",
year="2014",
publisher="Springer Berlin Heidelberg",
address="Berlin, Heidelberg",
pages="1--8",
isbn="978-3-642-27851-8",
doi="10.1007/978-3-642-27851-8_204-1",
url="https://doi.org/10.1007/978-3-642-27851-8_204-1"
}